@BOOK{1986rpa..book.....R,
       author = {{Rybicki}, George B. and {Lightman}, Alan P.},
        title = "{Radiative Processes in Astrophysics}",
         year = 1986,
       adsurl = {https://ui.adsabs.harvard.edu/abs/1986rpa..book.....R},
      adsnote = {Provided by the SAO/NASA Astrophysics Data System}
}


@ARTICLE{2013A&A...551A.124H,
       author = {{Hasco{\"e}t}, R. and {Daigne}, F. and {Mochkovitch}, R.},
        title = "{Prompt thermal emission in gamma-ray bursts}",
      journal = {\aap},
     keywords = {gamma-ray burst: general, radiation mechanisms: thermal, radiation mechanisms: non-thermal, shock waves, magnetic reconnection, Astrophysics - High Energy Astrophysical Phenomena},
         year = 2013,
        month = mar,
       volume = {551},
          eid = {A124},
        pages = {A124},
          doi = {10.1051/0004-6361/201220023},
archivePrefix = {arXiv},
       eprint = {1302.0235},
 primaryClass = {astro-ph.HE},
       adsurl = {https://ui.adsabs.harvard.edu/abs/2013A&A...551A.124H},
      adsnote = {Provided by the SAO/NASA Astrophysics Data System}
}

@ARTICLE{1998MNRAS.296..275D,
       author = {{Daigne}, F. and {Mochkovitch}, R.},
        title = "{Gamma-ray bursts from internal shocks in a relativistic wind: temporal and spectral properties}",
      journal = {\mnras},
     keywords = {ACCRETION, ACCRETION DISCS, RADIATION MECHANISMS: NON-THERMAL, SHOCK WAVES, GAMMA-RAYS: BURSTS, Astrophysics},
         year = 1998,
        month = may,
       volume = {296},
       number = {2},
        pages = {275-286},
          doi = {10.1046/j.1365-8711.1998.01305.x},
archivePrefix = {arXiv},
       eprint = {astro-ph/9801245},
 primaryClass = {astro-ph},
       adsurl = {https://ui.adsabs.harvard.edu/abs/1998MNRAS.296..275D},
      adsnote = {Provided by the SAO/NASA Astrophysics Data System}
}

@ARTICLE{1996ApJ...461L..37B,
       author = {{Bykov}, A.~M. and {Meszaros}, P.},
        title = "{Electron Acceleration and Efficiency in Nonthermal Gamma-Ray Sources}",
      journal = {\apjl},
     keywords = {ACCELERATION OF PARTICLES, SHOCK WAVES, ISM: COSMIC RAYS, GAMMA RAYS: BURSTS, GAMMA RAYS: THEORY, GALAXIES: ACTIVE, GALAXIES: JETS, Astrophysics},
         year = 1996,
        month = apr,
       volume = {461},
        pages = {L37},
          doi = {10.1086/309999},
archivePrefix = {arXiv},
       eprint = {astro-ph/9602016},
 primaryClass = {astro-ph},
       adsurl = {https://ui.adsabs.harvard.edu/abs/1996ApJ...461L..37B},
      adsnote = {Provided by the SAO/NASA Astrophysics Data System}
}

@ARTICLE{2001A&A...369..694S,
       author = {{Spruit}, H.~C. and {Daigne}, F. and {Drenkhahn}, G.},
        title = "{Large scale magnetic fields and their dissipation in GRB fireballs\}}",
      journal = {\aap},
     keywords = {GAMMA-RAY BURSTS, MAGNETIC FIELDS, RADIATION MECHANISMS: NONTHERMAL, SHOCK WAVES, Astrophysics},
         year = 2001,
        month = apr,
       volume = {369},
        pages = {694-705},
          doi = {10.1051/0004-6361:20010131},
archivePrefix = {arXiv},
       eprint = {astro-ph/0004274},
 primaryClass = {astro-ph},
       adsurl = {https://ui.adsabs.harvard.edu/abs/2001A&A...369..694S},
      adsnote = {Provided by the SAO/NASA Astrophysics Data System}
}

@ARTICLE{1998ApJ...497L..17S,
       author = {{Sari}, Re'em and {Piran}, Tsvi and {Narayan}, Ramesh},
        title = "{Spectra and Light Curves of Gamma-Ray Burst Afterglows}",
      journal = {\apjl},
     keywords = {GAMMA RAYS: BURSTS, HYDRODYNAMICS, SHOCK WAVES, RELATIVITY, Gamma Rays: Bursts, Hydrodynamics, Relativity, Shock Waves, Astrophysics},
         year = 1998,
        month = apr,
       volume = {497},
       number = {1},
        pages = {L17-L20},
          doi = {10.1086/311269},
archivePrefix = {arXiv},
       eprint = {astro-ph/9712005},
 primaryClass = {astro-ph},
       adsurl = {https://ui.adsabs.harvard.edu/abs/1998ApJ...497L..17S},
      adsnote = {Provided by the SAO/NASA Astrophysics Data System}
}

@BOOK{1973plas.book.....K,
       author = {{Kaplan}, Samuel Aronovich and {Tsytovich}, V.~N.},
        title = "{Plasma astrophysics}",
         year = 1973,
       adsurl = {https://ui.adsabs.harvard.edu/abs/1973plas.book.....K},
      adsnote = {Provided by the SAO/NASA Astrophysics Data System}
}

@ARTICLE{2000A&A...358.1157D,
       author = {{Daigne}, F. and {Mochkovitch}, R.},
        title = "{Gamma-ray bursts from internal shocks in a relativistic wind: a hydrodynamical study}",
      journal = {\aap},
     keywords = {GAMMA RAYS: BURSTS, HYDRODYNAMICS, SHOCK WAVES, RELATIVITY, RADIATION MECHANISMS: NON-THERMAL, Astrophysics},
         year = 2000,
        month = jun,
       volume = {358},
        pages = {1157-1166},
archivePrefix = {arXiv},
       eprint = {astro-ph/0005193},
 primaryClass = {astro-ph},
       adsurl = {https://ui.adsabs.harvard.edu/abs/2000A&A...358.1157D},
      adsnote = {Provided by the SAO/NASA Astrophysics Data System}
}

